% This file was created with JabRef 2.6.
% Encoding: Cp1252

@ARTICLE{spektrum,
  author = {Michel Balinski},
  title = {{Bundestagswahl Teil II: Wer wird Pr\"asident?}},
  journal = {Sprektrum der Wissenschaft},
  year = {2002},
  pages = {74},
  month = {September},
  owner = {corny},
  timestamp = {2011.10.13}
}

@MISC{bungartz,
  author = {Hans-Joachim Bungartz},
  title = {{Modellbildung und Simulation}},
  year = {2010},
  owner = {corny},
  timestamp = {2011.10.10},
  url = {http://www5.in.tum.de/lehre/vorlesungen/mod_sim/SS10/unterlagen/Handout_02.pdf}
}

@BOOK{hodge2005mathematics,
  title = {The mathematics of voting and elections: a hands-on approach},
  publisher = {American Mathematical Society},
  year = {2005},
  author = {Hodge, J.K. and Klima, R.E.},
  volume = {22},
  owner = {corny},
  timestamp = {2011.10.07}
}

@MISC{dtwahlnicheinhalt,
  author = {B\"{a}rbel Krau\ss},
  title = {{Opposition klagt in Karlsruhe}},
  howpublished = {STUTTGARTER ZEITUNG},
  month = {September},
  year = {2011},
  owner = {corny},
  timestamp = {2011.10.10},
  url = {http://www.stuttgarter-zeitung.de/inhalt.wahlrecht-opposition-klagt-in-karlsruhe.51a566f4-7b68-4af2-9332-7e6eaa029147.html}
}

@MISC{anstalt,
  author = {Max Uthoff},
  title = {{Neues aus der Anstalt}},
  howpublished = {{ZDF}},
  month = {September},
  year = {2011},
  note = {Minute 38},
  owner = {corny},
  timestamp = {2011.10.10}
}

@OTHER{apprwiki,
  owner = {corny},
  timestamp = {2011.11.13},
  url = {http://upload.wikimedia.org/wikipedia/commons/3/37/Approval_ballot.svg}
}

@MISC{bundestag,
  title = {{Allgemein, unmittelbar, frei, gleich und geheim}},
  howpublished = {bundestag.de},
  owner = {corny},
  timestamp = {2011.10.10},
  url = {http://www.bundestag.de/btg_wahl/wahlinfos/grundsaetze/index.jsp}
}

@MISC{ggwahlrecht,
  title = {{Art. 38 Abs. 1 Satz 1 Grundgesetz}},
  owner = {corny},
  timestamp = {2011.10.10},
  url = {http://www.gesetze-im-internet.de/gg/art_38.html}
}

@OTHER{imgdtwahl,
  owner = {corny},
  timestamp = {2011.11.06},
  url = {http://upload.wikimedia.org/wikipedia/commons/e/e2/Pers.Ver.Wahl.v4.png}
}

@OTHER{imgnegstim,
  owner = {corny},
  timestamp = {2011.11.06},
  url = {http://upload.wikimedia.org/wikipedia/de/3/30/Neg.Simmen.Gewicht3.jpg}
}

@MISC{handelsblattverf,
  title = {Wahlrecht teilweise verfassungswidrig},
  howpublished = {handelsblatt.com},
  month = {Juli},
  year = {2008},
  owner = {corny},
  timestamp = {2011.10.10},
  url = {http://www.handelsblatt.com/politik/deutschland/wahlrecht-teilweise-verfassungswidrig/2983988.html}
}

@MISC{spiegelverf,
  title = {{Verfassungsrichter verordnen Reform des Wahlrechts}},
  howpublished = {SPIEGEL ONLINE POLITIK},
  month = {Juli},
  year = {2008},
  owner = {corny},
  timestamp = {2011.10.10},
  url = {http://www.spiegel.de/politik/deutschland/0,1518,563600,00.html}
}

